@article{perez2020informing,
  title={Informing NMR experiments with molecular dynamics simulations to characterize the dominant activated state of the KcsA ion channel},
  author={P{\'e}rez-Conesa, Sergio and Keeler, Eric G and Zhang, Dongyu and Delemotte, Lucie and McDermott, Ann E},
  journal={bioRxiv},
  year={2020},
  publisher={Cold Spring Harbor Laboratory}
}