@article{Han2011,
author = {Han, Beomsoo and Liu, Yifeng and Ginzinger, Simon W. and Wishart, David S.},
doi = {10.1007/s10858-011-9478-4},
issn = {09252738},
journal = {Journal of Biomolecular NMR},
keywords = {Chemical shift,Machine learning,NMR,Protein},
number = {1},
pages = {43--57},
pmid = {21448735},
title = {{SHIFTX2: Significantly improved protein chemical shift prediction}},
volume = {50},
year = {2011}
}
@article{Shen2010,
author = {Shen, Yang and Bax, Ad},
doi = {10.1007/s10858-010-9433-9},
issn = {09252738},
journal = {Journal of Biomolecular NMR},
keywords = {Camshift,Electric field,Hydrogen bonding,SHIFTX,SPARTA,Structure database,Torsion angles},
number = {1},
pages = {13--22},
pmid = {20628786},
title = {{SPARTA+: A modest improvement in empirical NMR chemical shift prediction by means of an artificial neural network}},
volume = {48},
year = {2010}
}
@article{Harris2008,
author = {Harris, Robin K. and Becker, Edwin D. and {De Cabral Menezes}, Sonia M. and Granger, Pierre and Hoffman, Roy E. and Zilm, Kurt W.},
doi = {10.1002/mrc.2225},
issn = {07491581},
journal = {Magnetic Resonance in Chemistry},
keywords = {Chemical shifts,Conventions,IUPAC physical and biophysical chemistry division,Nuclear magnetic resonance,Recommendations,Shielding tensors},
number = {6},
pages = {582--598},
pmid = {18407566},
title = {{Further Conventions for NMR shielding and chemical shifts (IUPAC recommendations 2008)}},
volume = {46},
year = {2008}
}
@article{Eichmann2019,
issn = {15205126},
journal = {Journal of the American Chemical Society},
number = {18},
pages = {7391--7398},
pmid = {30973010},
title = {{Probing Ion Binding in the Selectivity Filter of the KcsA Potassium Channel}},
volume = {141},
year = {2019}
}
@article{Li2007,
author = {Li, Ying and Berthold, Deborah A. and Frericks, Heather L. and Gennis, Robert B. and Rienstra, Chad M.},
doi = {10.1002/cbic.200600484},
issn = {14394227},
journal = {ChemBioChem},
keywords = {Chemical-shift assignment,Disulfide-bond formation,Magic-angle spinning,Membrane proteins,NMR spectroscopy},
number = {4},
pages = {434--442},
pmid = {17285659},
title = {{Partial \ce{^13C} and \ce{^15N} chemical-shift assignments of the disulfide-bond-forming enzyme DsbB by 3D magic-angle spinning NMR spectroscopy}},
volume = {8},
year = {2007}
}
@article{Zhang2020,
author = {Zhang, Dongyu and Howarth, Gary S. and Parkin, Lia A. and McDermott, Ann E.},
doi = {10.1016/j.bbamem.2020.183491},
issn = {18792642},
journal = {Biochimica et Biophysica Acta - Biomembranes},
keywords = {Ion channel,KcsA,Lipid regulation,Membrane protein,Solid-state NMR},
number = {February},
pages = {183491},
pmid = {33065136},
publisher = {Elsevier B.V.},
title = {{NMR studies of lipid regulation of the \ce{K+} channel KcsA}},
url = {https://doi.org/10.1016/j.bbamem.2020.183491},
year = {2020}
}
@article{Medeiros-Silva2016,
author = {Medeiros-Silva, Jo{\~{a}}o and Mance, Deni and Dani{\"{e}}ls, Mark and Jekhmane, Shehrazade and Houben, Klaartje and Baldus, Marc and Weingarth, Markus},
doi = {10.1002/anie.201606594},
issn = {15213773},
journal = {Angewandte Chemie - International Edition},
keywords = {in-cell NMR spectroscopy,membrane proteins,protein dynamics,proton detection,solid-state NMR spectroscopy},
number = {43},
pages = {13606--13610},
title = {{\ce{^1H}-Detected Solid-State NMR Studies of Water-Inaccessible Proteins In Vitro and In Situ}},
volume = {55},
year = {2016}
}
@article{McDermott2007,
author = {McDermott, Ann and Gu, Zhengtian},
doi = {10.1002/9780470034590.emrstm0053},
journal = {Encyclopedia of Magnetic Resonance},
title = {{Carbon and Nitrogen Chemical Shifts of Solid State Enzymes}},
year = {2007}
}
@article{Bhate2013,
author = {Bhate, Manasi P. and Wylie, Benjamin J. and Thompson, Ameer and Tian, Lin and Nimigean, Crina and McDermott, Ann E.},
doi = {10.1016/j.pep.2013.07.013},
issn = {10465928},
journal = {Protein Expression and Purification},
keywords = {Isotopic labeling,Liposomes,Membrane proteins,NMR,Reconstitution,Solid-state},
number = {2},
pages = {119--124},
pmid = {23916531},
publisher = {Elsevier Inc.},
title = {{Preparation of uniformly isotope labeled KcsA for solid state NMR: Expression, purification, reconstitution into liposomes and functional assay}},
url = {http://dx.doi.org/10.1016/j.pep.2013.07.013},
volume = {91},
year = {2013}
}
@article{Delaglio1995,
author = {Delaglio, Frank and Grzesiek, Stephan and Vuister, Geerten W. and Zhu, Guang and Pfeifer, John and Bax, Ad},
doi = {10.1007/BF00197809},
issn = {09252738},
journal = {Journal of Biomolecular NMR},
keywords = {Data processing,Fourier transformation,Linear prediction,Maximum entropy,Multidimensional NMR,UNIX},
number = {3},
pages = {277--293},
pmid = {8520220},
title = {{NMRPipe: A multidimensional spectral processing system based on UNIX pipes}},
volume = {6},
year = {1995}
}
@article{Yang2013,
author = {Yang, Yu and Fritzsching, Keith J. and Hong, Mei},
doi = {10.1007/s10858-013-9788-9},
issn = {09252738},
journal = {Journal of Biomolecular NMR},
keywords = {Linewidths,Magic-angle spinning,Protein structure determination,Sequential resonance assignment,Solid-state NMR},
number = {3},
pages = {281--296},
pmid = {24132778},
title = {{Resonance assignment of the NMR spectra of disordered proteins using a multi-objective non-dominated sorting genetic algorithm}},
volume = {57},
year = {2013}
}
@article{Xu2017,
author = {Xu, Yunyao and Bhate, Manasi P. and McDermott, Ann E.},
doi = {10.1073/pnas.1701330114},
issn = {10916490},
journal = {Proceedings of the National Academy of Sciences of the United States of America},
keywords = {Allostery,Inactivation,Membrane protein,Potassium channel,Solid-state NMR},
number = {33},
pages = {8788--8793},
pmid = {28768808},
title = {{Transmembrane allosteric energetics characterization for strong coupling between proton and potassium ion binding in the KcsA channel}},
volume = {114},
year = {2017}
}
@article{Morcombe2003,
author = {Morcombe, Corey R. and Zilm, Kurt W.},
doi = {10.1016/S1090-7807(03)00082-X},
issn = {10907807},
journal = {Journal of Magnetic Resonance},
keywords = {\ce{^13C} NMR,Adamantane,Chemical shift referencing,DSS shift scale,Demagnetizing field,Magic angle spinning,Magnetic susceptibility,Solvent shifts,TMS shift scale},
number = {2},
pages = {479--486},
title = {{Chemical shift referencing in MAS solid state NMR}},
volume = {162},
year = {2003}
}
@article{Bertani2014,
author = {Bertani, Philippe and Raya, J{\'{e}}sus and Bechinger, Burkhard},
doi = {10.1016/j.ssnmr.2014.03.003},
issn = {09262040},
journal = {Solid State Nuclear Magnetic Resonance},
keywords = {Chemical shift referencing,Reference compound,Solid state,Standard},
pages = {15--18},
pmid = {24746715},
publisher = {Elsevier},
title = {{\ce{^15N} chemical shift referencing in solid state NMR}},
url = {http://dx.doi.org/10.1016/j.ssnmr.2014.03.003},
volume = {61-62},
year = {2014}
}
@article{Vranken2005,
author = {Vranken, Wim F. and Boucher, Wayne and Stevens, Tim J. and Fogh, Rasmus H. and Pajon, Anne and Llinas, Miguel and Ulrich, Eldon L. and Markley, John L. and Ionides, John and Laue, Ernest D.},
doi = {10.1002/prot.20449},
issn = {08873585},
journal = {Proteins: Structure, Function and Genetics},
keywords = {CcpNmr applications,Data model,Format conversion,High throughput,Nuclear magnetic resonance,Software},
number = {4},
pages = {687--696},
pmid = {15815974},
title = {{The CCPN data model for NMR spectroscopy: Development of a software pipeline}},
volume = {59},
year = {2005}
}
@article{Takegoshi2001,
author = {Takegoshi, K. and Nakamura, Shinji and Terao, Takehiko},
doi = {10.1021/ja016789a},
issn = {00027863},
journal = {Chemical Physics Letters},
pages = {631--637},
pmid = {11674031},
title = {{\ce{^13C}-\ce{^1H} dipolar-assisted rotational resonance in magic-angle spinning NMR}},
volume = {344},
year = {2001}
}
@article{Fritzsching2016,
author = {Fritzsching, Keith J. and Hong, Mei and Schmidt-Rohr, Klaus},
doi = {10.1007/s10858-016-0013-5},
issn = {15735001},
journal = {Journal of Biomolecular NMR},
keywords = {Data mining,Databases,PACSY,PIQC,PLUQin,Protein chemical shift,Protein secondary structure,SQAT},
number = {2},
pages = {115--130},
pmid = {26787537},
publisher = {Springer Netherlands},
title = {{Conformationally selective multidimensional chemical shift ranges in proteins from a PACSY database purged using intrinsic quality criteria}},
volume = {64},
year = {2016}
}
@article{Zhang2019,
author = {Zhang, Dongyu and Itin, Boris and McDermott, Ann E.},
doi = {10.1016/j.jmr.2019.106574},
issn = {10960856},
journal = {Journal of Magnetic Resonance},
keywords = {Dielectric loss,Magic-angle spinning,Nuclear magnetic resonance,Real-time NMR temperature measurement,Sample Heating,TmDOTP5-},
pages = {106574},
pmid = {31541931},
publisher = {Elsevier Inc.},
title = {{TmDOTP: An NMR-based thermometer for magic angle spinning NMR experiments}},
url = {https://doi.org/10.1016/j.jmr.2019.106574},
volume = {308},
year = {2019}
}
@article{Baldus1998,
author = {Baldus, M. and Petkova, A. T. and Herzfeld, J. and Griffin, R. G.},
doi = {10.1080/00268979809483251},
issn = {13623028},
journal = {Molecular Physics},
number = {6},
pages = {1197--1207},
title = {{Cross polarization in the tilted frame: Assignment and spectral simplification in heteronuclear spin systems}},
volume = {95},
year = {1998}
}
@article{Jaroniec2002,
author = {Jaroniec, Christopher P. and Filip, Claudiu and Griffin, Robert G.},
doi = {10.1021/ja026385y},
issn = {00027863},
journal = {Journal of the American Chemical Society},
number = {36},
pages = {10728--10742},
pmid = {12207528},
title = {{3D TEDOR NMR experiments for the simultaneous measurement of multiple carbon-nitrogen distances in uniformly \ce{^13C},\ce{^15N}-labeled solids}},
volume = {124},
year = {2002}
}
@article{Wylie2014,
author = {Wylie, Benjamin J. and Bhate, Manasi P. and McDermott, Ann E.},
doi = {10.1073/pnas.1319577110},
issn = {00278424},
journal = {Proceedings of the National Academy of Sciences of the United States of America},
keywords = {C-type inactivation,Chemical shift assignments,Membrane protein,Protein dynamics,Solid-state NMR},
number = {1},
pages = {185--190},
pmid = {24344306},
title = {{Transmembrane allosteric coupling of the gates in a potassium channel}},
volume = {111},
year = {2014}
}
@article{Igumenova2004,
author = {Igumenova, Tatyana I. and Wand, A. Joshua and McDermott, Ann E.},
doi = {10.1021/ja030546w},
issn = {00027863},
journal = {Journal of the American Chemical Society},
number = {16},
pages = {5323--5331},
pmid = {15099118},
title = {{Assignment of the Backbone Resonances for Microcrystalline Ubiquitin}},
volume = {126},
year = {2004}
}
@article{Ader2008,
author = {Ader, Christian and Schneider, Robert and Hornig, S{\"{o}}nke and Velisetty, Phanindra and Wilson, Erica M. and Lange, Adam and Giller, Karin and Ohmert, Iris and Martin-Eauclaire, Marie France and Trauner, Dirk and Becker, Stefan and Pongs, Olaf and Baldus, Marc},
doi = {10.1038/nsmb.1430},
issn = {15459993},
journal = {Nature Structural and Molecular Biology},
number = {6},
pages = {605--612},
pmid = {18488040},
title = {{A structural link between inactivation and block of a \ce{} channel}},
volume = {15},
year = {2008}
}
@article{Thakur2006,
author = {Thakur, Rajendra Singh and Kurur, Narayanan D. and Madhu, P. K.},
doi = {10.1016/j.cplett.2006.06.007},
issn = {00092614},
journal = {Chemical Physics Letters},
number = {4-6},
pages = {459--463},
title = {{Swept-frequency two-pulse phase modulation for heteronuclear dipolar decoupling in solid-state NMR}},
volume = {426},
year = {2006}
}
@article{Jekhmane2019,
author = {Jekhmane, Shehrazade and Medeiros-Silva, Jo{\~{a}}o and Li, Jing and K{\"{u}}mmerer, Felix and M{\"{u}}ller-Hermes, Christoph and Baldus, Marc and Roux, Beno{\^{i}}t and Weingarth, Markus},
doi = {10.1038/s41467-018-07973-6},
issn = {20411723},
journal = {Nature Communications},
number = {1},
pages = {1--12},
publisher = {Springer US},
title = {{Shifts in the selectivity filter dynamics cause modal gating in \ce{} channels}},
url = {http://dx.doi.org/10.1038/s41467-018-07973-6},
volume = {10},
year = {2019}
}
@article{Fung2000,
author = {Fung, B. M. and Khitrin, A. K. and Ermolaev, Konstantin},
doi = {10.1006/jmre.1999.1896},
issn = {10907807},
journal = {Journal of Magnetic Resonance},
keywords = {Broadband decoupling,Liquid crystals,SPINAL-64},
number = {1},
pages = {97--101},
pmid = {10617439},
title = {{An Improved Broadband Decoupling Sequence for Liquid Crystals and Solids}},
volume = {142},
year = {2000}
}
@article{Hou2013,
author = {Hou, Guangjin and Yan, Si and Tr{\'{e}}bosc, Julien and Amoureux, Jean Paul and Polenova, Tatyana},
doi = {10.1016/j.jmr.2013.04.009},
issn = {10960856},
journal = {Journal of Magnetic Resonance},
keywords = {Broadband homonuclear correlation spectroscopy,Fast MAS,Solid-state NMR,Symmetry sequences},
pages = {18--30},
publisher = {Elsevier Inc.},
title = {{Broadband homonuclear correlation spectroscopy driven by combined $R2^v_n$ sequences under fast magic angle spinning for NMR structural analysis of organic and biological solids}},
url = {http://dx.doi.org/10.1016/j.jmr.2013.04.009},
volume = {232},
year = {2013}
}
@article{Sun2020,
author = {Sun, Zhiyu and Xu, Yunyao and Zhang, Dongyu and McDermott, Ann E.},
doi = {10.1073/pnas.1908828117},
issn = {10916490},
journal = {Proceedings of the National Academy of Sciences of the United States of America},
keywords = {Ion channels,KcsA,Solid-state NMR,Transmembrane allostery},
number = {13},
pages = {7171--7175},
pmid = {32188782},
title = {{Probing allosteric coupling in a constitutively open mutant of the ion channel KcsA using solid-state NMR}},
volume = {117},
year = {2020}
}
@article{Pauli2001,
author = {Pauli, Jutta and Baldus, Marc and {Van Rossum}, Barth and {De Groot}, Huub and Oschkinat, Hartmut},
doi = {10.1002/1439-7633(20010401)2:4<272::AID-CBIC272>3.0.CO;2-2},
isbn = {3094793169},
issn = {14394227},
journal = {ChemBioChem},
keywords = {NMR spectroscopy,Protein structures,SH3 domains,Solid-state structures,Spectrin},
number = {4},
pages = {272--281},
pmid = {11828455},
title = {{Backbone and side-chain \ce{^13C} and \ce{^15N} signal assignments of the $\alpha$-spectrin SH3 domain by magic angle spinning solid-state NMR at 17.6 tesla}},
volume = {2},
year = {2001}
}
@article{Robustelli2012,
author = {Robustelli, Paul and Stafford, Kate A. and Palmer, Arthur G.},
doi = {10.1021/ja300265w},
issn = {00027863},
journal = {Journal of the American Chemical Society},
number = {14},
pages = {6365--6374},
pmid = {22381384},
title = {{Interpreting protein structural dynamics from NMR chemical shifts}},
volume = {134},
year = {2012}
}
@article{Ader2009,
author = {Ader, Christian and Schneider, Robert and Hornig, S{\"{o}}nke and Velisetty, Phanindra and Vardanyan, Vitya and Giller, Karin and Ohmert, Iris and Becker, Stefan and Pongs, Olaf and Baldus, Marc},
doi = {10.1038/emboj.2009.218},
issn = {02614189},
journal = {EMBO Journal},
keywords = {Ion-channel gating,K-channel,Membrane protein,PH sensor,Solid-state NMR},
number = {18},
pages = {2825--2834},
pmid = {19661921},
title = {{Coupling of activation and inactivation gate in a K-channel: Potassium and ligand sensitivity}},
volume = {28},
year = {2009}
}
@article{Bhate2012,
author = {Bhate, Manasi P. and McDermott, Ann E.},
doi = {10.1073/pnas.1211900109},
issn = {00278424},
journal = {Proceedings of the National Academy of Sciences of the United States of America},
keywords = {Chemical-shift anisotropy,Ion channel,Membrane proteins},
mendeley-groups = {Other Methods},
number = {38},
pages = {15265--15270},
pmid = {22942391},
title = {{Protonation state of E71 in KcsA and its role for channel collapse and inactivation}},
volume = {109},
year = {2012}
}
@article{Bhate2010,
author = {Bhate, Manasi P. and Wylie, Benjamin J. and Tian, Lin and McDermott, Ann E.},
doi = {10.1016/j.jmb.2010.06.031},
issn = {00222836},
journal = {Journal of Molecular Biology},
keywords = {Conformational dynamics,KcsA,Potassium channel,Selectivity filter,Solid-state NMR},
number = {2},
pages = {155--166},
pmid = {20600123},
publisher = {Elsevier Ltd},
title = {{Conformational dynamics in the selectivity filter of KcsA in response to potassium ion concentration}},
url = {http://dx.doi.org/10.1016/j.jmb.2010.06.031},
volume = {401},
year = {2010}
}
@article{Cournia2020,
author = {Cournia, Zoe and Chatzigoulas, Alexios},
doi = {10.1016/j.sbi.2020.03.006},
issn = {1879033X},
journal = {Current Opinion in Structural Biology},
mendeley-groups = {Introduction},
pages = {197--204},
pmid = {32446013},
publisher = {Elsevier Ltd},
title = {{Allostery in membrane proteins}},
url = {https://doi.org/10.1016/j.sbi.2020.03.006},
volume = {62},
year = {2020}
}
@article{Niklasson2015,
author = {Niklasson, Markus and Ahlner, Alexandra and Andresen, Cecilia and Marsh, Joseph A. and Lundstr{\"{o}}m, Patrik},
doi = {10.1371/journal.pcbi.1004022},
issn = {15537358},
journal = {PLoS Computational Biology},
mendeley-groups = {Introduction},
number = {1},
pmid = {25569628},
title = {{Fast and Accurate Resonance Assignment of Small-to-Large Proteins by Combining Automated and Manual Approaches}},
volume = {11},
year = {2015}
}
@book{Wishart2002,
author = {Wishart, D. S. and Case, D. A.},
booktitle = {Methods in Enzymology},
doi = {10.1016/S0076-6879(02)38214-4},
issn = {00766879},
mendeley-groups = {Introduction},
pages = {3--34},
pmid = {11460554},
publisher = {Elsevier Masson SAS},
title = {{Use of chemical shifts in macromolecular structure determination}},
url = {http://dx.doi.org/10.1016/S0076-6879(02)38214-4},
volume = {338},
year = {2002}
}
@article{Oldfield1995,
author = {Oldfield, Eric},
doi = {10.1007/BF00211749},
issn = {09252738},
journal = {Journal of Biomolecular NMR},
keywords = {Ab initio calculations,Chemical shift tensors,Chemical shifts,Electrostatics,Structure refinement and prediction},
mendeley-groups = {Introduction},
number = {3},
pages = {217--225},
pmid = {7787420},
title = {{Chemical shifts and three-dimensional protein structures}},
volume = {5},
year = {1995}
}
@article{DeDios1993,
author = {{De Dios}, Angel C. and Pearson, John G. and Oldfield, Eric},
doi = {10.1126/science.8502992},
issn = {00368075},
journal = {Science},
mendeley-groups = {Introduction},
number = {5113},
pages = {1491--1496},
pmid = {8502992},
title = {{Secondary and tertiary structural effects on protein NMR chemical shifts: An ab initio approach}},
volume = {260},
year = {1993}
}
@article{VanderCruijsen2017,
author = {van der Cruijsen, Elwin A.W. and Prokofyev, Alexander V. and Pongs, Olaf and Baldus, Marc},
doi = {10.1016/j.bpj.2016.12.001},
issn = {15420086},
journal = {Biophysical Journal},
mendeley-groups = {Conclusions},
number = {1},
pages = {99--108},
pmid = {28076820},
publisher = {Biophysical Society},
title = {{Probing Conformational Changes during the Gating Cycle of a Potassium Channel in Lipid Bilayers}},
url = {http://dx.doi.org/10.1016/j.bpj.2016.12.001},
volume = {112},
year = {2017}
}
@article{Delemotte2018,
author = {Delemotte, Lucie},
doi = {10.1085/jgp.201812161},
issn = {15407748},
journal = {Journal of General Physiology},
mendeley-groups = {Introduction},
number = {10},
pages = {1356--1359},
pmid = {30143551},
title = {{Opening leads to closing: Allosteric crosstalk between the activation and inactivation gates in KcsA}},
volume = {215},
year = {2018}
}
@article{Labro2018,
author = {Labro, Alain J. and {Marien Cortes}, D. and Tilegenova, Cholpon and Cuello, Luis G.},
doi = {10.1073/pnas.1800559115},
issn = {10916490},
journal = {Proceedings of the National Academy of Sciences of the United States of America},
keywords = {Allosteric coupling,C-type inactivation,KcsA,Kv 1.5,Shaker channel},
mendeley-groups = {Introduction},
number = {21},
pages = {5426--5431},
pmid = {29735651},
title = {{Inverted allosteric coupling between activation and inactivation gates in K+ channels}},
volume = {115},
year = {2018}
}
@article{Li2012,
author = {Li, Da Wei and Br{\"{u}}schweiler, Rafael},
doi = {10.1007/s10858-012-9668-8},
issn = {09252738},
journal = {Journal of Biomolecular NMR},
keywords = {NMR chemical shift prediction,Protein backbone,Side-chain methyl groups},
mendeley-groups = {Introduction},
number = {3},
pages = {257--265},
pmid = {22972619},
title = {{PPM: A side-chain and backbone chemical shift predictor for the assessment of protein conformational ensembles}},
volume = {54},
year = {2012}
}
@article{Berjanskii2015,
author = {Berjanskii, Mark and Arndt, David and Liang, Yongjie and Wishart, David S.},
doi = {10.1007/s10858-015-9982-z},
issn = {15735001},
journal = {Journal of Biomolecular NMR},
keywords = {Accuracy,Chemical shifts,NMR,Protein,Structure},
number = {3},
pages = {255--264},
pmid = {26345175},
publisher = {Springer Netherlands},
title = {{A robust algorithm for optimizing protein structures with NMR chemical shifts}},
volume = {63},
year = {2015}
}
@article{Shen2008,
author = {Shen, Yang and Lange, Oliver and Delaglio, Frank and Rossi, Paolo and Aramini, James M. and Liu, Gaohua and Eletsky, Alexander and Wu, Yibing and Singarapu, Kiran K. and Lemak, Alexander and Ignatchenko, Alexandr and Arrowsmith, Cheryl H. and Szyperski, Thomas and Montelione, Gaetano T. and Baker, David and Bax, Ad},
doi = {10.1073/pnas.0800256105},
issn = {00278424},
journal = {Proceedings of the National Academy of Sciences of the United States of America},
keywords = {Molecular fragment replacement,Protein structure prediction,ROSETTA,Structural genomics},
mendeley-groups = {Add{\_}Post{\_}Submit},
number = {12},
pages = {4685--4690},
pmid = {18326625},
title = {{Consistent blind protein structure generation from NMR chemical shift data}},
volume = {105},
year = {2008}
}
@article{Cavalli2007,
author = {Cavalli, Andrea and Salvatella, Xavier and Dobson, Christopher M. and Vendruscolo, Michele},
doi = {10.1073/pnas.0610313104},
issn = {00278424},
journal = {Proceedings of the National Academy of Sciences of the United States of America},
keywords = {NMR spectroscopy,Structural biology},
mendeley-groups = {Add{\_}Post{\_}Submit},
number = {23},
pages = {9615--9620},
pmid = {17535901},
title = {{Protein structure determination from NMR chemical shifts}},
volume = {104},
year = {2007}
}
@article{Li2015,
author = {Li, Dawei and Br{\"{u}}schweiler, Rafael},
doi = {10.1007/s10858-015-9958-z},
issn = {15735001},
journal = {Journal of Biomolecular NMR},
keywords = {Backbone and side-chain chemical shifts,Database analysis,Neural network,Physics-based predictor,Protein chemical shift prediction},
mendeley-groups = {Add{\_}Post{\_}Submit},
number = {3},
pages = {403--409},
pmid = {26091586},
title = {{PPM-One: A static protein structure based chemical shift predictor}},
volume = {62},
year = {2015}
}
@article{Markwick2010,
author = {Markwick, Phineus R.L. and Cervantes, Carla F. and Abel, Barrett L. and Komives, Elizabeth A. and Blackledge, Martin and McCammon, J. Andrew},
doi = {10.1021/ja9093692},
issn = {15205126},
journal = {Journal of the American Chemical Society},
mendeley-groups = {Add{\_}Post{\_}Submit},
number = {4},
pages = {1220--1221},
pmid = {20063881},
title = {{Enhanced conformational space sampling improves the prediction of chemical shifts in proteins}},
volume = {132},
year = {2010}
}
@article{Li2010,
author = {Li, Da Wei and Br{\"{u}}schweiler, Rafael},
doi = {10.1021/jz9001345},
issn = {19487185},
journal = {Journal of Physical Chemistry Letters},
keywords = {Macromolecules,Soft matter},
mendeley-groups = {Add{\_}Post{\_}Submit},
number = {1},
pages = {246--248},
title = {{Certification of molecular dynamics trajectories with NMR chemical shifts}},
volume = {1},
year = {2010}
}
@article{Camilloni2012,
author = {Camilloni, Carlo and Robustelli, Paul and Simone, Alfonso De and Cavalli, Andrea and Vendruscolo, Michele},
doi = {10.1021/ja210951z},
issn = {00027863},
journal = {Journal of the American Chemical Society},
mendeley-groups = {Add{\_}Post{\_}Submit},
number = {9},
pages = {3968--3971},
pmid = {22320129},
title = {{Characterization of the conformational equilibrium between the two major substates of RNase a using NMR chemical shifts}},
volume = {134},
year = {2012}
}
@article{Bonomi2016,
archivePrefix = {arXiv},
arxivId = {1509.05684},
author = {Bonomi, Massimiliano and Camilloni, Carlo and Cavalli, Andrea and Vendruscolo, Michele},
doi = {10.1126/sciadv.1501177},
eprint = {1509.05684},
issn = {23752548},
journal = {Science Advances},
mendeley-groups = {Add{\_}Post{\_}Submit},
number = {1},
pages = {1--9},
pmid = {26844300},
title = {{Metainference: A Bayesian inference method for heterogeneous systems}},
volume = {2},
year = {2016}
}
@article{Bratholm2017,
author = {Bratholm, Lars A. and Jensen, Jan H.},
doi = {10.1039/c6sc04344e},
issn = {20416539},
journal = {Chemical Science},
mendeley-groups = {Add{\_}Post{\_}Submit},
number = {3},
pages = {2061--2072},
publisher = {Royal Society of Chemistry},
title = {{Protein structure refinement using a quantum mechanics-based chemical shielding predictor}},
volume = {8},
year = {2017}
}
@article{Bratholm2015,
author = {Bratholm, Lars A. and Christensen, Anders S. and Hamelryck, Thomas and Jensen, Jan H.},
doi = {10.7717/peerj.861},
issn = {21678359},
journal = {PeerJ},
keywords = {Chemical shifts,Markov chain monte carlo,NMR,Probabilistic models,Protein structure},
mendeley-groups = {Add{\_}Post{\_}Submit},
number = {3},
pages = {1--19},
title = {{Bayesian inference of protein structure fromchemical shift data}},
volume = {2015},
year = {2015}
}
@article{Zhang2003,
author = {Zhang, Haiyan and Neal, Stephen and Wishart, David S.},
doi = {10.1023/A:1022836027055},
issn = {09252738},
journal = {Journal of Biomolecular NMR},
keywords = {Chemical shift,DSS,NMR,Protein,Referencing},
mendeley-groups = {Add{\_}Post{\_}Submit},
number = {3},
pages = {173--195},
pmid = {12652131},
title = {{RefDB: A database of uniformly referenced protein chemical shifts}},
volume = {25},
year = {2003}
}
